@article{Mohanty2016DeepVO,
  title={DeepVO: A Deep Learning approach for Monocular Visual Odometry},
  author={Mohanty, Vikram and Agrawal, Shubh and Datta, Shaswat and Ghosh, Arna and Sharma, Vishnu Dutt and Chakravarty, Debashish},
  year={2016},
}

@InProceedings{IMKDB17,
  author       = "E. Ilg and N. Mayer and T. Saikia and M. Keuper and A. Dosovitskiy and T. Brox",
  title        = "FlowNet 2.0: Evolution of Optical Flow Estimation with Deep Networks",
  booktitle    = "IEEE Conference on Computer Vision and Pattern Recognition (CVPR)",
  month        = "Jul",
  year         = "2017",
  url          = "http://lmb.informatik.uni-freiburg.de//Publications/2017/IMKDB17"
}

@inproceedings{Revaud2015EpicFlow,
  title={EpicFlow: Edge-preserving interpolation of correspondences for optical flow},
  author={Revaud, Jerome and Weinzaepfel, Philippe and Harchaoui, Zaid and Schmid, Cordelia},
  booktitle={Computer Vision and Pattern Recognition},
  pages={1164-1172},
  year={2015},
}

@article{Detone2016Deep,
  title={Deep Image Homography Estimation},
  author={Detone, Daniel and Malisiewicz, Tomasz and Rabinovich, Andrew},
  year={2016},
}

@article{Nicolai2016Laser ,
  title={Deep Learning for Laser Based Odometry Estimation},
  author={A Nicolai, R Skeeleï¼Œ C Eriksen and GA Hollinger},
  year={2016},
}

@inproceedings{Konda2015Learning,
  title={Learning Visual Odometry with a Convolutional Network},
  author={Konda, Kishore and Memisevic, Roland},
  booktitle={International Conference on Computer Vision Theory and Applications},
  pages={486-490},
  year={2015},
}

@incollection{NIPS2017_6640,
title = {Learning a Multi-View Stereo Machine},
author = {Kar, Abhishek and H\"{a}ne, Christian and Malik, Jitendra},
booktitle = {Advances in Neural Information Processing Systems 30},
editor = {I. Guyon and U. V. Luxburg and S. Bengio and H. Wallach and R. Fergus and S. Vishwanathan and R. Garnett},
pages = {364--375},
year = {2017},
publisher = {Curran Associates, Inc.},
url = {http://papers.nips.cc/paper/6640-learning-a-multi-view-stereo-machine.pdf}
}

@article{zbontar2016stereo,
  title={Stereo matching by training a convolutional neural network to compare image patches},
  author={Zbontar, Jure and LeCun, Yann},
  journal={Journal of Machine Learning Research},
  volume={17},
  number={1-32},
  pages={2},
  year={2016}
}


@inproceedings{han2015matchnet,
  title={Matchnet: Unifying feature and metric learning for patch-based matching},
  author={Han, Xufeng and Leung, Thomas and Jia, Yangqing and Sukthankar, Rahul and Berg, Alexander C},
  booktitle={Computer Vision and Pattern Recognition (CVPR), 2015 IEEE Conference on},
  pages={3279--3286},
  year={2015},
  organization={IEEE}
}


@inproceedings{hartmann2017learned,
  title={Learned multi-patch similarity},
  author={Hartmann, Wilfried and Galliani, Silvano and Havlena, Michal and Van Gool, Luc and Schindler, Konrad},
  booktitle={International Conference on Computer Vision (ICCV) 2017},
  year={2017}
}

@inproceedings{mayer2016large,
  title={A large dataset to train convolutional networks for disparity, optical flow, and scene flow estimation},
  author={Mayer, Nikolaus and Ilg, Eddy and Hausser, Philip and Fischer, Philipp and Cremers, Daniel and Dosovitskiy, Alexey and Brox, Thomas},
  booktitle={Proceedings of the IEEE Conference on Computer Vision and Pattern Recognition},
  pages={4040--4048},
  year={2016}
}

@article{kendall2017end,
  title={End-to-end learning of geometry and context for deep stereo regression},
  author={Kendall, Alex and Martirosyan, Hayk and Dasgupta, Saumitro and Henry, Peter and Kennedy, Ryan and Bachrach, Abraham and Bry, Adam},
  journal={CoRR, vol. abs/1703.04309},
  year={2017}
}


@inproceedings{saxena2007depth,
  title={Depth Estimation Using Monocular and Stereo Cues.},
  author={Saxena, Ashutosh and Schulte, Jamie and Ng, Andrew Y and others},
  booktitle={IJCAI},
  volume={7},
  year={2007}
}

@inproceedings{ladicky2014pulling,
  title={Pulling things out of perspective},
  author={Ladicky, Lubor and Shi, Jianbo and Pollefeys, Marc},
  booktitle={Proceedings of the IEEE Conference on Computer Vision and Pattern Recognition},
  pages={89--96},
  year={2014}
}

@inproceedings{eigen2014depth,
  title={Depth map prediction from a single image using a multi-scale deep network},
  author={Eigen, David and Puhrsch, Christian and Fergus, Rob},
  booktitle={Advances in neural information processing systems},
  pages={2366--2374},
  year={2014}
}

@inproceedings{tatarchenko2016multi,
  title={Multi-view 3d models from single images with a convolutional network},
  author={Tatarchenko, Maxim and Dosovitskiy, Alexey and Brox, Thomas},
  booktitle={European Conference on Computer Vision},
  pages={322--337},
  year={2016},
  organization={Springer}
}


@inproceedings{choy20163d,
  title={3d-r2n2: A unified approach for single and multi-view 3d object reconstruction},
  author={Choy, Christopher B and Xu, Danfei and Gwak, JunYoung and Chen, Kevin and Savarese, Silvio},
  booktitle={European Conference on Computer Vision},
  pages={628--644},
  year={2016},
  organization={Springer}
}

@inproceedings{girdhar2016learning,
  title={Learning a predictable and generative vector representation for objects},
  author={Girdhar, Rohit and Fouhey, David F and Rodriguez, Mikel and Gupta, Abhinav},
  booktitle={European Conference on Computer Vision},
  pages={484--499},
  year={2016},
  organization={Springer}
}

@inproceedings{sinha2016deep,
  title={Deep learning 3D shape surfaces using geometry images},
  author={Sinha, Ayan and Bai, Jing and Ramani, Karthik},
  booktitle={European Conference on Computer Vision},
  pages={223--240},
  year={2016},
  organization={Springer}
}

@inproceedings{fan2017point,
  title={A point set generation network for 3d object reconstruction from a single image},
  author={Fan, Haoqiang and Su, Hao and Guibas, Leonidas},
  booktitle={Conference on Computer Vision and Pattern Recognition (CVPR)},
  volume={38},
  year={2017}
}

@inproceedings{flynn2016deepstereo,
  title={Deepstereo: Learning to predict new views from the world's imagery},
  author={Flynn, John and Neulander, Ivan and Philbin, James and Snavely, Noah},
  booktitle={Proceedings of the IEEE Conference on Computer Vision and Pattern Recognition},
  pages={5515--5524},
  year={2016}
}

@inproceedings{zhao2017fully,
  title={A fully end-to-end deep learning approach for real-time simultaneous 3D reconstruction and material recognition},
  author={Zhao, Cheng and Sun, Li and Stolkin, Rustam},
  booktitle={Advanced Robotics (ICAR), 2017 18th International Conference on},
  pages={75--82},
  year={2017},
  organization={IEEE}
}

@inproceedings{schwartz2013visual,
  title={Visual material traits: Recognizing per-pixel material context},
  author={Schwartz, Gabriel and Nishino, Ko},
  booktitle={Computer Vision Workshops (ICCVW), 2013 IEEE International Conference on},
  pages={883--890},
  year={2013},
  organization={IEEE}
}

@inproceedings{choy20163d,
  title={3D-R2N2: A Unified Approach for Single and Multi-view 3D Object Reconstruction},
  author={Choy, Christopher B and Xu, Danfei and Gwak, JunYoung and Chen, Kevin and Savarese, Silvio},
  booktitle = {Proceedings of the European Conference on Computer Vision ({ECCV})},
  year={2016}
}